@misc{panopticXYZ,
    author = {{Axicon Labs Incorporated}},
    title = {Panoptic},
    howpublished = {\url{https://panoptic.xyz}},
    note = {Accessed: 2023-10-01},
    year = {2024}
}
@misc{uniswapV3MathPrimer1,
    author = {{Uniswap Labs}},
    title = {Uniswap V3 Math Primer},
    howpublished = {\url{https://blog.uniswap.org/uniswap-v3-math-primer-1}},
    note = {Accessed: 2023-10-01},
    year = {2023}
}
@misc{uniswapV3MathPrimer2,
    author = {{Uniswap Labs}},
    title = {Uniswap V3 Math Primer},
    howpublished = {\url{https://blog.uniswap.org/uniswap-v3-math-primer-2}},
    note = {Accessed: 2023-10-01},
    year = {2023}
}